%
%  Vzor bibliografické databáze pro automatickou tvorbu seznamu referencí
%  pomocí BibTeXu
%
%  Doporučený software pro správu databáze literatury formátu *.bib:
%    JabRef, http://jabref.sourceforge.net/
%
%  POZOR:
%
%    *  Písmena v názvech publikací, jež je třeba tisknout vždy velká, se musejí psát
%       do složených závorek ({T}hailand, {HIV})
%
%  ===========================================================================


% KAPITOLA 01

@Misc{ps2_port,
  title        = {{PS/2 port}},
  howpublished = {\url{https://en.wikipedia.org/wiki/PS/2_port}},
}

@Misc{parallel_port,
  title        = {{Paralelný port}},
  howpublished = {\url{https://en.wikipedia.org/wiki/Parallel_port}},
}

@Misc{rs232_port,
  title        = {{RS-232 port}},
  howpublished = {\url{https://en.wikipedia.org/wiki/RS-232}},
}

@Misc{scsi_hub,
  title        = {{Paralelná SCSI zbernica}},
  howpublished = {\url{https://en.wikipedia.org/wiki/Parallel_SCSI}},
}

@Misc{usb_host,
  title        = {{USB 2.0 Specification -- definícia USB Host a s ním súvisiace pojmy }},
  howpublished = {\url{https://www.usb.org/document-library/usb-20-specification}},
  note = {[súbor usb\_20.pdf, kap. 4.1.1.1]}
}

@Misc{usb_hub,
  title        = {{USB 2.0 Specification -- USB Hub definícia}},
  howpublished = {\url{https://www.usb.org/document-library/usb-20-specification}},
  note = {[súbor usb\_20.pdf, str. 6]}
}

@Misc{usb_function,
  title        = {{USB 2.0 Specification -- USB Function definícia}},
  howpublished = {\url{https://www.usb.org/document-library/usb-20-specification}},
  note = {[súbor usb\_20.pdf, str. 6]}
}

@Misc{usb_topology,
  title        = {{USB 2.0 Specification}},
  howpublished = {\url{https://www.usb.org/document-library/usb-20-specification}},
  note = {[súbor usb\_20.pdf, Figure 4-1]}
}

@Misc{usb_bus_topology,
  title        = {{USB 2.0 Specification -- USB topológia zbernice}},
  howpublished = {\url{https://www.usb.org/document-library/usb-20-specification}},
  note = {[súbor usb\_20.pdf, kap. 4.1.1]}
}

@Misc{usb_device,
  title        = {{USB 2.0 Specification -- USB zariadenie definícia}},
  howpublished = {\url{https://www.usb.org/document-library/usb-20-specification}},
  note = {[súbor usb\_20.pdf, kap. 4.1.1.2]}
}

@Misc{usb_classes,
  title        = {{Zoznam definovaných USB tried}},
  howpublished = {\url{https://www.usb.org/defined-class-codes}},
}

@Misc{usb_descriptor,
  title        = {{USB 2.0 Specification -- USB descriptor definícia}},
  howpublished = {\url{https://www.usb.org/document-library/usb-20-specification}},
  note = {[súbor usb\_20.pdf, kap. 9.5]}
}

@Misc{usb_packet,
  title        = {{USB 2.0 Specification -- USB paket definícia}},
  howpublished = {\url{https://www.usb.org/document-library/usb-20-specification}},
  note = {[súbor usb\_20.pdf, str. 7]}
}

@Misc{usb_type_transfers,
  title        = {{USB 2.0 Specification -- USB typy prenosov definícia}},
  howpublished = {\url{https://www.usb.org/document-library/usb-20-specification}},
  note = {[súbor usb\_20.pdf, kap. 4.7]}
}

@Misc{usbdoc,
  title        = {{USB 2.0 Specification}},
  howpublished = {\url{https://www.usb.org/document-library/usb-20-specification}},
  note = {[súbor usb\_20.pdf]}
}

@Misc{usburb,
  title        = {{USB Request Block}},
  howpublished = {\url{https://docs.microsoft.com/en-us/windows-hardware/drivers/usbcon/communicating-with-a-usb-device}},
}

@Misc{usbclientdriver,
  title        = {{USB Client Driver}},
  howpublished = {\url{https://docs.microsoft.com/en-us/windows-hardware/drivers/usbcon/usb-driver-development-guide}},
  note = {[sekcia \uv{Where applicable}]}
}

@Misc{usbhid,
  title        = {{USB Human Interface Device Class}},
  howpublished = {\url{https://www.usb.org/document-library/device-class-definition-hid-111}},
  note = {[str. 9]}
}

@Misc{genius_mouse,
  title        = {{Genius myš použitá v úvode pri porovnaní existujúcich analyzátorov}},
  howpublished = {\url{https://us.geniusnet.com/product/dx-120/}},
}



% KAPITOLA 03

@Misc{hid_opening_collections,
  title        = {{Komunikácia HID Clienta s HID Class driverom}},
  howpublished = {\url{https://docs.microsoft.com/en-us/windows-hardware/drivers/hid/opening-hid-collections}},
}

@Misc{hid_api,
  title        = {{HID Application Programming Interface (API)}},
  howpublished = {\url{https://docs.microsoft.com/en-us/windows-hardware/drivers/hid/introduction-to-hid-concepts}},
}

@Misc{hid_access,
  title        = {{Tabuľka HID zariadení a ich Access Mode}},
  howpublished = {\url{https://docs.microsoft.com/en-us/windows-hardware/drivers/hid/hid-architecture}},
    note = {[sekcia \uv{HID Clients Supported in Windows}]}
}


